@book{geometria,
  author = {Lehmann, Charles H},
  title = {Geometr\'ia  analítica},
  publisher = {LIMUSA},
  year = 1965
}

@misc{repositorio,
  author = {Ángel Moreno},
  title = {{Repositorio de Github}},
  howpublished = "\url{https://github.com/angelmorenos}",
  year = {2021}
}

@book{ross1997simulation,
  author    = {Ross, Sheldon M.},
  title     = {Simulation {(2.} ed.)},
  publisher = {PRENTICE HALL},
  year      = {1999},
  isbn      = {970-I7-0259-x}
}

@misc{wolframalfa,
  author = {Wolfram Research{,} Inc.},
  title = {Mathematica, {V}ersion 12.2},
  url = {https://www.wolframalpha.com/calculators/integral-calculator},
  year = {2020},
  note = {Champaign, IL}
}