@book{geometria,
  author = {Lehmann, Charles H},
  title = {Geometr\'ia  analítica},
  publisher = {LIMUSA},
  year = 1965
}

@misc{repositorio,
  author = {Ángel Moreno},
  title = {{Repositorio de Github}},
  howpublished = "\url{https://github.com/angelmorenos}",
  year = {2021}
}